<?xml version="1.0" encoding="UTF-8"?><record xmlns="http://www.loc.gov/MARC21/slim" xmlns:cinclude="http://apache.org/cocoon/include/1.0" xmlns:zs="http://www.loc.gov/zing/srw/">
  <leader>00401nz  a2200145n  4500</leader>
  <controlfield tag="001">nr 94019509 </controlfield>
  <controlfield tag="003">DLC</controlfield>
  <controlfield tag="005">19940621062710.3</controlfield>
  <controlfield tag="008">940613n| acannaab|          |a aaa     c</controlfield>
  <datafield tag="010" ind1=" " ind2=" ">
    <subfield code="a">nr 94019509 </subfield>
  </datafield>
  <datafield tag="040" ind1=" " ind2=" ">
    <subfield code="a">NIC</subfield>
    <subfield code="c">NIC</subfield>
  </datafield>
  <datafield tag="100" ind1="1" ind2="0">
    <subfield code="a">Ang, Linda Poh Geok</subfield>
  </datafield>
  <datafield tag="400" ind1="1" ind2="0">
    <subfield code="a">Geok, Linda Ang Poh</subfield>
  </datafield>
  <datafield tag="400" ind1="1" ind2="0">
    <subfield code="a">Ang, Poh Geok</subfield>
  </datafield>
  <datafield tag="670" ind1=" " ind2=" ">
    <subfield code="a">Compendium of Industrial Court awards ... 1988:</subfield>
    <subfield code="b">t.p. (Linda Ang Poh Geok M.A.)</subfield>
  </datafield>
</record>